NY000010000090000000002000107800000000000000000000000000000000000000000000000000
NY090020000010780000000212029007290000000000000000000000000000000000000000000000
NY09503000000011401175013900000000000000000000400          119930260000000000000
NY095031000000100000000000000000100019127130117000000000000000000000000000000000
NY09503000000021401175013900000000000000000000400          -12345678919001000000
NY095031000000200000000000000000100019128130117000000000000000000000000000000000
NY09503000000031401175013900000000000000000000400          119930252000000000000
NY095031000000300000000000000000100019129130117000000000000000000000000000000000
NY09503000000041401175013900000000000000000000400           00981234576842000000
NY095031000000400000000000000000100019130130117000000000000000000000000000000000
NY09503000000051401175013900000000000000000000400          119930252000000000000
NY095031000000500000000000000000100019131130117000000000000000000000000000000000
NY095030000000614011750139000000000000000000004000076543211234567898838912000000
NY095031000000600000000000000000100019132130117000000000000000000000000000000000
NY095030000000714011750139000000000000000000004009876543211234567898888856000000
NY095031000000700000000000000000100019133130117000000000000000000000000000000000
NY090088000000070000001600000000000002800140117140117140117000000000000000000000
NY000089000000070000001800000000000002800140117000000000000000000000000000000000
